@online{github:2021,
  author    = {L. Thomsen and U. Mammadov},
  title     = {BigDataAnalytics Ufo},
  publisher = {Github},
  year      = {2021},
  url       = {https://github.com/Lars0802/BigDataAnalyticsUfo}
}

@online{nuforc:2021,
  author    = {Peter Davenport},
  title     = {The National Ufo Reporting Center},
  publisher = {nuforc},
  year      = {2021},
  url       = {http://www.nuforc.org}
}

@online{v1:2021,
  author    = {NCEI},
  title     = {API v1 Documentation},
  publisher = {NCEI},
  year      = {2021},
  url       = {https://www.ncei.noaa.gov/support/access-data-service-api-user-documentation}
}

@online{v2:2021,
  author    = {NOAA},
  title     = {API v2 Documentation},
  publisher = {NCEI},
  year      = {2021},
  url       = {https://www.ncdc.noaa.gov/cdo-web/webservices/v2}
}
